@Manual{LCD_Module,
	title = "NHD-320240WX LCM User's Guide",
	organization = "Newhaven Display International",
	address = "2511 Technology Drive 101 Elgin, IL 60124",
	year = "2005",
	month = mar
}      

@Manual{ DL1Dsheet,
	title = "DL1 Datasheet",
	organization = "Race Technology Ltd.",
	month = apr,
	year = "2009"
}

@Manual{SED1335,
	title = "SED1335 Series Technical Manual",
	year = "2009",
	month = mar,
	organization = "Seiko Epson Corporation"
}

@Manual{ TLV5623,
	title = "TLV5623 Datasheet",
	organization = "Texas Instruments Inc.",
	year = "2009",
	month = sep
}

@Manual{ XBeeManual,
	title = "XBee®/XBee-PRO® OEM RF Module Manual",
	year = "2008",
	organization = "Digi Internatonal, Inc.",
	month = sep,
}

@Article{ MAX232,
	address = "{120 San Gabriel Drive, Sunnyvale, CA 94086}",
	author = "Jose Cardenas",
	title = "MAX232 Serial Transceiver Datasheet",
	year = "2008",
	organization = "Maxim Integrated Products, Inc.",
	month = april,
	organisation = "{Maxim Integrated Products}"
}

@Manual{ MAX3100,
	address = "{120 San Gabriel Drive, Sunnyvale, CA 94086}",
	author = "Jose Cardenas",
	title = "MAX3100 SPI-Capable UART Datasheet",
	year = "2009",
	organization = "Maxim Integrated Products, Inc.",
	month = may,
	organisation = "{Maxim Integrated Products}"
}

@Manual{ MCP2551,
	title = "MCP2551 High-Speed CAN Transceiver Datasheet",
	year = "2007",
	organization = "Microchip Technology Inc.",
	month = jan
}

@Manual{ A3967,
	address = "{115 Northeast Cutoff, Worcester, Massachusetts 01615}",
	author = "C. Burzalow",
	title = "A3967 Datasheet",
	year = "2008",
	organization = "Allegro MicroSystems, Inc.",
	month = oct
}

@Manual{ LT1521,
	title = "{LT1521}",
	year = "{1995}"
}

@Manual{LT1615,
	address = "{1630 McCarthy Blvd., Milpitas, CA 95035}",
	title = "LTC1615 Datasheet",
	year = "{2007}",
	organization = "Linear Technology Corporation",
	month = aug
}

@Manual{ LTC1129,
	address = "{1630 McCarthy Blvd., Milpitas, CA 95035}",
	title = "LTC1129 Datasheet",
	year = "{2008}",
	organization = "Linear Technology Corporation",
	month = dec
}

@Manual{ AT90CAN,
	title = "AT90CAN32/64/128 Automotive Data Sheet",
	year = "2008",
	organization = "Atmel Corporation",
	month = apr
}

@Article{ ABA0000PE252,
	title = "{ABA0000PE252}",
	year = "{2009}"
}

@Article{ MAX3110E-MAX31,
	title = "{MAX3110E-MAX3111E}",
	year = "{2000}"
}

@Article{ AT90CANDevBo,
	title = "{AT90CAN Dev Board}",
	year = "{2008}"
}

@Article{ 11602fb,
	title = "{11602fb}",
	year = "{1995}"
}

@Article{ doc2467,
	title = "{doc2467}",
	year = "{2009}"
}

@Article{ 3862fb,
	title = "{3862fb}",
	year = "{2008}"
}

@Article{ DS1232,
	title = "{DS1232}",
	year = "{2000}"
}

@Article{ ABA0000CE5,
	title = "{ABA0000CE5}",
	year = "{2008}"
}

@Article{ irl2203npbf,
	title = "{irl2203npbf}",
	year = "{2000}"
}

@Article{ irfz34vspbf,
	title = "{irfz34\_vspbf}",
	year = "{2000}"
}

@Article{ FDLL4148,
	title = "{FDLL4148}",
	year = "{2007}"
}

@Article{ 2300series,
	title = "{2300\_series}",
	year = "{2003}"
}

@Article{ ata6660,
	title = "{ata6660}",
	year = "{2008}"
}

@Article{ 7647S,
	title = "{7647S}",
	year = "{2008}"
}

@Article{ irfz48zpbf,
	title = "{irfz48\_zpbf}",
	year = "{2000}"
}

@Article{ pds760,
	title = "{pds760}",
	year = "{2008}"
}

@Article{ pichaseries,
	title = "{pic\_ha\_series}",
	year = "{2000}"
}

@Article{ LTC1232,
	title = "{LTC1232}",
	year = "{2000}"
}

@Manual{ 2010fsaerules,
	title = "2010 Formula SAE Rules",
	year = "2009",
	organization = "SAE",
	Url = "http://students.sae.org/competitions/formulaseries/rules/2010fsaerules.pdf",
	organisation = "SAE International"
}

@Manual{ TiltonBrakeBias,
	address = "Buellton, CA, United States",
	organization = "Tilton Engineering Inc.",
	title = "Balance Bar Installation Instructions",
	year = "1998"
}

@Article{ AT90CANSummar,
	title = "{AT90CAN Summary}",
	year = "{2008}"
}

@Article{ Si7370,
	title = "{Si7370}",
	year = "{2000}"
}

@Article{ 4N37-M,
	title = "{4N37-M}",
	year = "{2009}"
}

@Manual{ s80pro,
	title = "S Series User Manual",
	organization = "DTAFast",
	month = aug,
	year = "2009"
}

@Manual{ cbr600,
	title = "Honda CBR600f4i Service Manual",
	organization = "Honda",
	year = "2003"
}

